@string{dmorin = "Morin, David"}


@book{morin,
  author = dmorin,
  title = "{Introduction to Classical Mechanics, with problems and solutions}",
  year = 2008,
  isbn = {9780521876223}
}